%! Author = hadar
%! Date = 3/1/2024

